@BOOK{pohl:2005,
author = {Klaus Pohl and Günter Böckle and Frank J. van der Linden},
editor = {},
title = {Software Product Line Engineering: Foundations, Principles and Techniques},
publisher = {Springer},
year = {2005},
volume = {},
number = {},
series = {},
address = {},
edition = {1},
month = {},
note = {},
abstract = {},
isbn = {},
price = {},
keywords = {},
source = {},
}

@BOOK{kakola:2006,
author = {Timo Käkölä and Juan C. Dueñas},
editor = {},
title = {Software Product Lines - Research Issues in Engineering and Management},
publisher = {Springer},
year = {2006},
volume = {},
number = {},
series = {},
address = {},
edition = {},
month = {},
note = {},
abstract = {},
isbn = {},
price = {},
keywords = {},
source = {},
}

@INCOLLECTION{czarnecky:2005,
author = {Krzysztof Czarnecky and Simon Helsen and Ulrich W. Eisenecker},
editor = {},
title = {Formalizing cardinality-based feature models and their specialization},
booktitle = {Software Process: Improvement and Practice},
publisher = {},
year = {2005},
volume = {},
number = {},
series = {},
type = {},
chapter = {10(1)},
pages = {7-29},
address = {},
edition = {},
month = {},
note = {},
}

@BOOK{clements:2002,
author = {Paul Clements and Linda Northrop},
editor = {},
title = {Software Product Lines: Practices and Patterns},
publisher = {Addison-Wesley},
year = {2002},
volume = {},
number = {},
series = {},
address = {},
edition = {},
month = {},
note = {},
abstract = {},
isbn = {},
price = {},
keywords = {},
source = {},
}

@TECHREPORT{kang:1990,
author = {K. Kang and S. Cohen and J. Hess and W.Novak and S. Peterson},
title = {Feature-oriented domain analysis (FODA) feasability study},
institution = {Software Engineering Institute, Carnegie Mellon University},
year = {1990},
type = {},
number = {},
address = {},
month = {November},
note = {},
}

@INCOLLECTION{danilo:2003,
author = {Danilo Beuche and Holger Papajewski and Wolfgang Schroeder-Preikschat},
editor = {},
title = {Variablity management with feature models},
booktitle = {Software Variability Management Workshop},
publisher = {},
year = {2003},
volume = {},
number = {},
series = {},
type = {},
chapter = {},
pages = {72-83},
address = {},
edition = {},
month = {February},
note = {},
}

@BOOK{martin:2010,
author = {Martin Fowler and Rebecca Parsons},
editor = {},
title = {Domain-Specific Languages},
publisher = {Addison-Wesley},
year = {2010},
volume = {},
number = {},
series = {},
address = {},
edition = {},
month = {September},
note = {},
abstract = {},
isbn = {},
price = {},
keywords = {},
source = {},
}

@BOOK{kleine:1999,
author = {Hans Kleine Buning and Theodor Lettmann},
editor = {},
title = {Propositional Logic: Deduction and Algorithms},
publisher = {Cambridge University Press},
year = {1999},
volume = {},
number = {},
series = {},
address = {},
edition = {},
month = {August},
note = {},
abstract = {},
isbn = {},
price = {},
keywords = {},
source = {},
}

@TECHREPORT{batory:2005,
author = {Don Batory},
title = {Feature model, grammars, and propositional formulas},
institution = {University of Texas at Austin, Department of Computer Sciences},
year = {2005},
type = {},
number = {},
address = {},
month = {April},
note = {},
}

@BOOK{anneke:2008,
author = {Anneke Kleppe},
editor = {},
title = {Software Language Engineering: Creating Domain-Specific Languages Using Metamodels},
publisher = {Addison-Wesley Professional},
year = {2008},
volume = {},
number = {},
series = {},
address = {},
edition = {},
month = {},
note = {},
abstract = {},
isbn = {},
price = {},
keywords = {},
source = {},
}

@BOOK{pastor:2007,
author = {Oscar Pastor and Juan Carlos Molina},
editor = {},
title = {Model-Driven Architecture in Practice: A Software Production Environment Based on Conceptual Modeling},
publisher = {Springer},
year = {2007},
volume = {},
number = {},
series = {},
address = {},
edition = {},
month = {July},
note = {},
abstract = {},
isbn = {},
price = {},
keywords = {},
source = {},
}

@INCOLLECTION{jouault:2006,
author = {Frédéric Jouault and Jean Bézivin},
editor = {},
title = {KM3: DSL for metamodel specification},
booktitle = {IFIP Int. Conf. on Formal Methods for Open Object-Based Distributed Systems},
publisher = {Springer},
year = {2006},
volume = {},
number = {},
series = {},
type = {},
chapter = {},
pages = {171-185},
address = {},
edition = {},
month = {},
note = {},
}

@TECHREPORT{mof:2004,
author = {Object Management Group},
title = {Meta object facility (MOF) 2.0 core final adopted specification},
institution = {Object Management Group},
year = {20054},
type = {},
number = {},
address = {},
month = {},
note = {},
}

@BOOK{steinberg:2008,
author = {Dave Steinberg and Frank Budinsky and Marcelo Paternostro and Ed Merks},
editor = {},
title = {EMF: Eclipse Modeling Framework (2nd edition)},
publisher = {Addison-Wesley Professional},
year = {2008},
volume = {},
number = {},
series = {},
address = {},
edition = {2},
month = {},
note = {},
abstract = {},
isbn = {},
price = {},
keywords = {},
source = {},
}

@BOOK{ocl:2005,
author = {Object Modeling Group},
editor = {},
title = {Object Constraint Language Specification, version 2.0},
publisher = {},
year = {2005},
volume = {},
number = {},
series = {},
address = {},
edition = {},
month = {June},
note = {},
abstract = {},
isbn = {},
price = {},
keywords = {},
source = {},
}

@INCOLLECTION{tcs:2006,
author = {Frédéric Jouault and Jean Bézivin and Ivan Kurtev},
editor = {},
title = {TCS: a DSL for the specification of textual concrete syntaxes in model engineering},
booktitle = {Generative Programming and Component Engineering, 5th International Conference, GPCE 2006, Portland, Oregon, USA, October 22-26, 2006, Proceedings },
publisher = {},
year = {2006},
volume = {},
number = {},
series = {},
type = {},
chapter = {},
pages = {249-254},
address = {},
edition = {},
month = {},
note = {},
}

@BOOK{russell:2012,
author = {Jesse Russell and Ronald Cohn},
editor = {},
title = {MetaEdit+},
publisher = {VSD},
year = {2012},
volume = {},
number = {},
series = {},
address = {},
edition = {},
month = {},
note = {},
abstract = {},
isbn = {},
price = {},
keywords = {},
source = {},
}

@BOOK{cook:2007,
author = {Steve Cook and Gareth Jones and Stuart Kent and Alan Cameron Wills},
editor = {},
title = {Domain-Specific Development with Visual Studio DSL Tools},
publisher = {Addison-Wesley Professional},
year = {2007},
volume = {},
number = {},
series = {},
address = {},
edition = {},
month = {June},
note = {},
abstract = {},
isbn = {},
price = {},
keywords = {},
source = {},
}

@BOOK{gronback:2009,
author = {Richard C. Gronback},
editor = {},
title = {Eclipse modeling project : a domain-specific language toolkit},
publisher = {Addison-Wesley},
year = {2009},
volume = {},
number = {},
series = {},
address = {},
edition = {1},
month = {April},
note = {},
abstract = {},
isbn = {},
price = {},
keywords = {},
source = {},
}

@BOOK{iso:1996,
author = {ISO},
editor = {},
title = {ISO/IEC 14977:1996: Information Technology - Syntactic metalanguage - Extended BNF},
publisher = {International Standard Organization, pub-ISO:adr},
year = {1996},
volume = {},
number = {},
series = {},
address = {},
edition = {},
month = {},
note = {},
abstract = {},
isbn = {},
price = {},
keywords = {},
source = {},
}

@BOOK{eisenecker:2000,
author = {Ulrick W. Eisenecker and Krzysztof Czarnecki},
editor = {},
title = {Generative Programming: Methods, Tools, and Applications},
publisher = {Addison-Wesley},
year = {2000},
volume = {},
number = {},
series = {},
address = {},
edition = {},
month = {},
note = {},
abstract = {},
isbn = {},
price = {},
keywords = {},
source = {},
}

@BOOK{clayberg:2008,
author = {Eric Clayberg and Dan Rubel},
editor = {},
title = {Eclipse Plug-ins},
publisher = {Addison-Wesley Professional},
year = {2008},
volume = {},
number = {},
series = {},
address = {},
edition = {},
month = {},
note = {},
abstract = {},
isbn = {},
price = {},
keywords = {},
source = {},
}

@MASTERTHESIS{hydra:2009,
author = {Jose Ramón Salazar Ramírez},
title = {Herramienta para el modelado y configuración de modelos de características},
school = {Universidad de Málaga},
year = {2009},
}

@INCOLLECTION{emftext:2009,
author = {Florian Heidenreich and Jendrik Johannes and Sven Karol and Mirko Seifert and Christian Wande},
editor = {},
title = {Derivation and Refinement of Textual Syntax for Models},
booktitle = {Model Driven Architecture - Foundations and Applications},
publisher = {},
year = {2009},
volume = {},
number = {},
series = {},
type = {},
chapter = {},
pages = {114-129},
address = {},
edition = {},
month = {},
note = {},
}
